@article{elgendy2020vision,
    title={Deep Learning for Vision Systems},
    author={Mohamed Elgendy},
    journal={Manning Publications},
    year={2020}
}


@article{zhang2021dive,
    title={Dive into Deep Learning},
    author={Zhang, Aston and Lipton, Zachary C. and Li, Mu and Smola, Alexander J.},
    journal={arXiv preprint arXiv:2106.11342},
    year={2021}
}

@article{wu2022cnn,
    title={CNN Architectures},
    author={Fei-Fei Li, Jiajun Wu, Ruohan Gao},
    journal={CS231n: Deep Learning for Computer Vision},
    year={2022}
}