@book{CS231,
  title     = "CS231n Lectures",
  author    = "Fei-Fei Li and Zane Durante",
  publisher = "Stanford University",
  month     = jun,
  year      = 2024,
  note      = "Updated June 3, 2024",
  url       = "https://cs231n.stanford.edu/slides/2024/"
}

@book{CS224,
  title     = "CS224n Lectures",
  author    = "Chris Manning",
  publisher = "Stanford University",
  month     = jun,
  year      = 2024,
  url       = "https://web.stanford.edu/class/cs224n/slides/"
}

@misc{DRsoleymaniMLCourse,
  author       = {Soleymani Baghshah, Mahdieh},
  title        = {Deep Learning},
  howpublished = {Lecture slides},
  institution  = {Sharif University of Technology}
}



