@book{bishop2006,
  author    = {Christopher M. Bishop},
  title     = {Pattern Recognition and Machine Learning},
  chapter   = {4.1}
}

@book{duda2000,
  author    = {Richard O. Duda and Peter E. Hart and David G. Stork},
  title     = {Pattern Classification},
  year      = {2001}
}

@unpublished{soleymani_ml,
  author    = {Mahdieh Soleymani},
  title     = {Machine Learning},
  note      = {Sharif University of Technology}
}

@unpublished{salehi_ml,
  author    = {S. Fatemeh S. Salehi},
  title     = {Machine Learning},
  note      = {Sharif University of Technology}
}

@unpublished{abu_mostafa,
  author    = {Yaser S. Abu-Mostafa},
  title     = {Machine Learning},
  note      = {California Institute of Technology},
  year      = {2012}
}

@book{serrano2020,
  author    = {Luis G. Serrano},
  title     = {Grokking Machine Learning},
  publisher = {Manning Publications},
  year      = {2020},
  chapters  = {5 and 10}
}

@unpublished{ashfaque2019,
  author    = {Johar M. Ashfaque},
  title     = {Introduction to Support Vector Machines and Kernel Methods},
  note      = {April 2019}
}

