@book{M2006-mk,
  title     = "Pattern Recognition and Machine Learning",
  author    = "M., Christopher",
  publisher = "Springer",
  series    = "Information Science and Statistics",
  edition   =  1,
  month     =  aug,
  year      =  2006,
  address   = "New York, NY",
  language  = "en"
}

@misc{soleymaniMLCourse,
  author       = {Soleymani Baghshah, Mahdieh},
  title        = {Machine Learning},
  howpublished = {Lecture slides},
  institution  = {Sharif University of Technology}
}

@misc{soleymaniMIRCourse,
  author       = {Soleymani Baghshah, Mahdieh},
  title        = {Modern information retrieval},
  howpublished = {Lecture slides},
  institution  = {Sharif University of Technology}
}

@book{Mitchell1997-xs,
  title     = "Machine Learning",
  author    = "Mitchell, Thomas",
  publisher = "McGraw-Hill Professional",
  series    = "McGraw-Hill series in computer science",
  month     =  mar,
  year      =  1997,
  address   = "New York, NY",
  language  = "en"
}

@misc{RuoqingZhu,
  author       = {Ruoqing Zhu},
  title        = {STAT 542: Statistical Learning - K-Nearest Neighbor and the Bias-Variance Trade-Off},
  howpublished = {Lecture notes},
  institution  = {Department of Statistics, University of Illinois at Urbana-Champaign}
}

@misc{XingEric,
  author       = {Xing, Eric},
  title        = {Theory of Classification and Nonparametric Classifier},
  howpublished = {Lecture notes},
  institution  = {Carnegie Mellon University}
}
