@article{DBLP:journals/corr/IoffeS15,
  author       = {Sergey Ioffe and
                  Christian Szegedy},
  title        = {Batch Normalization: Accelerating Deep Network Training by Reducing Internal Covariate Shift},
  journal      = {CoRR},
  volume       = {abs/1502.03167},
  year         = {2015},
  url          = {http://arxiv.org/abs/1502.03167},
  eprinttype    = {arXiv},
  eprint       = {1502.03167},
  timestamp    = {Mon, 13 Aug 2018 16:47:06 +0200},
  biburl       = {https://dblp.org/rec/journals/corr/IoffeS15.bib},
  bibsource    = {dblp computer science bibliography, https://dblp.org}
}

@book{CS230,
  title     = "CS230 Lecture Notes",
  author    = "Andrew Ng and Kian Katanforoosh",
  publisher = "Stanford University",
  year      = 2018,
  url       = "https://cs230.stanford.edu/files/C2M3.pdf"
}

@book{CS231,
  title     = "CS231n Lectures",
  author    = "Fei-Fei Li and Zane Durante",
  publisher = "Stanford University",
  year      = 2024,
  note      = "Updated June 3, 2024",
  url       = "https://cs231n.stanford.edu/slides/2024/"
}

@article{DBLP:journals/corr/abs-1806-02375,
  author       = {Johan Bjorck and
                  Carla P. Gomes and
                  Bart Selman},
  title        = {Understanding Batch Normalization},
  journal      = {CoRR},
  volume       = {abs/1806.02375},
  year         = {2018},
  url          = {http://arxiv.org/abs/1806.02375},
  eprinttype    = {arXiv},
  eprint       = {1806.02375},
  timestamp    = {Mon, 13 Aug 2018 16:46:58 +0200},
  biburl       = {https://dblp.org/rec/journals/corr/abs-1806-02375.bib},
  bibsource    = {dblp computer science bibliography, https://dblp.org}
}

@article{DBLP:journals/corr/abs-1712-09913,
  author       = {Hao Li and
                  Zheng Xu and
                  Gavin Taylor and
                  Tom Goldstein},
  title        = {Visualizing the Loss Landscape of Neural Nets},
  journal      = {CoRR},
  volume       = {abs/1712.09913},
  year         = {2017},
  url          = {http://arxiv.org/abs/1712.09913},
  eprinttype    = {arXiv},
  eprint       = {1712.09913},
  timestamp    = {Thu, 16 May 2019 13:19:49 +0200},
  biburl       = {https://dblp.org/rec/journals/corr/abs-1712-09913.bib},
  bibsource    = {dblp computer science bibliography, https://dblp.org}
}

@misc{soleymaniMLCourse,
	author       = {Soleymani Baghshah, Mahdieh},
	title        = {Machine Learning},
	howpublished = {Lecture slides},
	institution  = {Sharif University of Technology}
}