@article{MSE_AE,
author = {Bozkurt, Yasemin and Bereau, Tristan and Rudzinski, Joseph},
year = {2020},
month = {03},
pages = {},
title = {Interpretable embeddings from molecular simulations using Gaussian mixture variational autoencoders},
volume = {1},
journal = {Machine Learning: Science and Technology},
doi = {10.1088/2632-2153/ab80b7}
}