@misc{dosovitskiy2021imageworth16x16words,
      title={An Image is Worth 16x16 Words: Transformers for Image Recognition at Scale}, 
      author={Alexey Dosovitskiy and Lucas Beyer and Alexander Kolesnikov and Dirk Weissenborn and Xiaohua Zhai and Thomas Unterthiner and Mostafa Dehghani and Matthias Minderer and Georg Heigold and Sylvain Gelly and Jakob Uszkoreit and Neil Houlsby},
      year={2021},
      eprint={2010.11929},
      archivePrefix={arXiv},
      primaryClass={cs.CV},
      url={https://arxiv.org/abs/2010.11929}, 
}

@misc{zhang2019selfattentiongenerativeadversarialnetworks,
      title={Self-Attention Generative Adversarial Networks}, 
      author={Han Zhang and Ian Goodfellow and Dimitris Metaxas and Augustus Odena},
      year={2019},
      eprint={1805.08318},
      archivePrefix={arXiv},
      primaryClass={stat.ML},
      url={https://arxiv.org/abs/1805.08318}, 
}

@misc{johnson2022vision,
  title={EECS 498.008 / 598.008: Deep Learning for Computer Vision, Winter 2022, Lecture 18: Vision Transformers},
  author={Justin Johnson},
  year={2022},
  institution={University of Michigan},
  url={https://web.eecs.umich.edu/~justincj/slides/eecs498/WI2022/598_WI2022_lecture18.pdf},
  note={Accessed: 2024-12-14}
}

% ResNet Block Image
@book{zhang2023dive,
    title={Dive into Deep Learning},
    author={Zhang, Aston and Lipton, Zachary C. and Li, Mu and Smola, Alexander J.},
    publisher={Cambridge University Press},
    note={\url{https://D2L.ai}},
    year={2023}
}

@article{DBLP:journals/corr/abs-2003-07845,
  author       = {Sheng Shen and
                  Zhewei Yao and
                  Amir Gholami and
                  Michael W. Mahoney and
                  Kurt Keutzer},
  title        = {Rethinking Batch Normalization in Transformers},
  journal      = {CoRR},
  volume       = {abs/2003.07845},
  year         = {2020},
  url          = {https://arxiv.org/abs/2003.07845},
  eprinttype    = {arXiv},
  eprint       = {2003.07845},
  timestamp    = {Tue, 24 Mar 2020 16:42:29 +0100},
  biburl       = {https://dblp.org/rec/journals/corr/abs-2003-07845.bib},
  bibsource    = {dblp computer science bibliography, https://dblp.org}
}