
@unpublished{soleymani_ml,
  author    = {Mahdieh Soleymani},
  title     = {Machine Learning},
  note      = {Sharif University of Technology}
}

@unpublished{soleymani_mir,
  author    = {Mahdieh Soleymani},
  title     = {Modern Information Retrieval},
  note      = {Sharif University of Technology}
}

@unpublished{stanford_nlp,
  author    = {Chris Manning},
  title     = {Natural Language Processing with Deep Learning},
  note      = {Stanford}
}

@unpublished{asgari_nlp,
  author    = {Ehsan Asgari},
  title     = {Natural Language Processing},
  note      = {Sharif University of Technology}
}