@article{zhang2021dive,
    title={Dive into Deep Learning},
    author={Zhang, Aston and Lipton, Zachary C. and Li, Mu and Smola, Alexander J.},
    journal={arXiv preprint arXiv:2106.11342},
    year={2021}
}

@article{featureextrac2013,
author = {Tian, Dongping},
year = {2013},
month = {01},
pages = {385-395},
title = {A review on image feature extraction and representation techniques},
volume = {8},
journal = {International Journal of Multimedia and Ubiquitous Engineering}
}


 @article{wang_see_phan_oh_2015,
 title={Efficient spatio-temporal local binary patterns for spontaneous facial micro-expression recognition}, url={https://journals.plos.org/plosone/article?id=10.1371/journal.pone.0124674},
 journal={PLOS ONE},
 publisher={Public Library of Science},
 author={Wang, Yandan and See, John and Phan, Raphael C.-W. and Oh, Yee-Hui},
 year={2015},
 month={05}
 } 