@book{M2006-mk,
  title     = "Pattern Recognition and Machine Learning",
  author    = "M., Christopher",
  publisher = "Springer",
  series    = "Information Science and Statistics",
  edition   =  1,
  month     =  aug,
  year      =  2006,
  address   = "New York, NY",
  language  = "en"
}

@misc{soleymaniMLCourse,
  author       = {Soleymani Baghshah, Mahdieh},
  title        = {Machine Learning},
  howpublished = {Lecture slides},
  institution  = {Sharif University of Technology}
}

@book{Ng2023,
  title     = "CS229 Lecture Notes",
  author    = "Andrew Ng and Tengyu Ma",
%   month     = jun,
%   year      = 2023,
  note      = "Updated June 11, 2023",
  url       = "https://cs229.stanford.edu/lectures-spring2022/main_notes.pdf"
}

@book{Mitchell1997-xs,
  title     = "Machine Learning",
  author    = "Mitchell, Thomas",
  publisher = "McGraw-Hill Professional",
  series    = "McGraw-Hill series in computer science",
  month     =  mar,
  year      =  1997,
  address   = "New York, NY",
  language  = "en"
}

@book{AbuMostafa2012,
  title     = "Learning From Data: A Short Course",
  author    = "Abu-Mostafa, Yaser S. and Magdon-Ismail, Malik and Lin, Hsuan-Tien",
  publisher = "AMLBook",
  year      =  2012,
  address   = "New York, NY",
  language  = "en"
}


@article{Goel2022-cy,
  title     = "{CyCLIP: Cyclic Contrastive Language-Image Pretraining}",
  author    = "Goel, Shashank and Bansal, Hritik and Bhatia, Sumit and Rossi, Ryan A. and Vinay, Vishwa and Grover, Aditya",
  journal   = "ArXiv",
  volume    = "abs/2205.14459",
  year      =  2022,
  month     =  may,
  url       = "https://doi.org/10.48550/arxiv.2205.14459",
  language  = "en"
}
