@inproceedings{UoW-Beamer,
  author    = {Qiuyu Lu},
  title     = {A UoW Beamer Theme},
  booktitle = {How to write beautiful \LaTeX},
  year      = {2024},
  url       = {https://www.overleaf.com/project},
}