@book{CS231,
  title     = "CS231n Lectures",
  author    = "Fei-Fei Li and Zane Durante",
  publisher = "Stanford University",
  month     = jun,
  year      = 2024,
  note      = "Updated June 3, 2024",
  url       = "https://cs231n.stanford.edu/slides/2024/"
}

@misc{DRsoleymaniMLCourse,
  author       = {Soleymani Baghshah, Mahdieh},
  title        = {Machine Learning},
  howpublished = {Lecture slides},
  institution  = {Sharif University of Technology}
}

@misc{DRSharifiMLCourse,
  author       = {Sharifi Zarchi, Ali},
  title        = {Machine Learning 2022},
  howpublished = {Lecture slides},
  note         = {Only Introduction-to-NN.pdf is referenced},
  institution  = {Sharif University of Technology}
}

