@book{M2006-mk,
  title     = "Pattern Recognition and Machine Learning",
  author    = "M., Christopher",
  publisher = "Springer",
  series    = "Information Science and Statistics",
  edition   =  1,
  month     =  aug,
  year      =  2006,
  address   = "New York, NY",
  language  = "en"
}

@misc{soleymaniMLCourse,
  author       = {Soleymani Baghshah, Mahdieh},
  title        = {Machine Learning},
  howpublished = {Lecture slides},
  institution  = {Sharif University of Technology}
}

@article{schapire2003boosting,
  title    = {The boosting approach to machine learning: An overview},
  author   = {Schapire, Robert E},
  journal  = {Nonlinear estimation and classification},
  pages    = {149--171},
  year     = {2003},
  publisher= {Springer}
}

@book{Serrano2022-pd,
  title     = "Grokking machine learning",
  author    = "Serrano, Luis",
  publisher = "Manning Publications",
  month     =  jan,
  year      =  2022,
  address   = "New York, NY",
  language  = "en"
}

@book{Mitchell1997-xs,
  title     = "Machine Learning",
  author    = "Mitchell, Thomas",
  publisher = "McGraw-Hill Professional",
  series    = "McGraw-Hill series in computer science",
  month     =  mar,
  year      =  1997,
  address   = "New York, NY",
  language  = "en"
}

@misc{jaakkolaMLCourse,
  author       = {Jaakkola, Tommi},
  title        = {Machine Learning Course Slides},
  howpublished = {Lecture slides},
  institution  = {Massachusetts Institute of Technology (MIT)}
}