@misc{biological-and-nn-neuron,
	title={Biological and Neural Network neuron},
	author={Ergün Akgün, Metin Demir},
	publisher={},
	year={2018},
	note={\url{https://www.researchgate.net/publication/326417061_Modeling_Course_Achievements_of_Elementary_Education_Teacher_Candidates_with_Artificial_Neural_Networks}}
}

@misc{activation-functions,
	title={A gentle introduction to deep learning in R using Keras},
	author={Ladislas Nalborczyk},
	publisher={},
	year={2021},
	note={\url{https://www.barelysignificant.com/slides/vendredi_quanti_2021/vendredi_quantis#1}}
}

@misc{gradient-descend,
	title={What the hell is Gradient Descent?},
	author={
Nancy Pandey},
	publisher={faun.pub},
	year={2022},
	note={\url{https://faun.pub/what-the-hell-is-gradient-descent-97a75cc5cc4e}}
}

@misc{gradient-descend2,
	title={Gradient descent},
	author={},
	publisher={},
	year={},
	note={\url{https://subscription.packtpub.com/book/big-data-&-business-intelligence/9781788397872/1/ch01lvl1sec22/gradient-descent}}
}

@article{Srivastava-et-al-2014,
	title={Dropout: A Simple Way to Prevent Neural Networks from Overfitting},
	author={Nitish Srivastava and Geoffrey Hinton and 	Alex Krizhevsky and 	Ilya Sutskever and 	Ruslan Salakhutdinov},
	journal={Journal of Machine Learning Research},
	year={2014},
	note={\url{https://www.cs.toronto.edu/~hinton/absps/JMLRdropout.pdf}}
}

@misc{Li-et-al-2017,
	title={Initializing Neural Networks},
	author={Fei-Fei Li and Justin Johnson and Serena Yeung},
	publisher={cs231n.stanford.edu},
	year={2017},
	note={\url{http://cs231n.stanford.edu/2017/}}
}

@book{Goodfellow-et-al-2016,
	title={Deep Learning},
	author={Ian Goodfellow and Yoshua Bengio and Aaron Courville},
	publisher={MIT Press},
	note={\url{http://www.deeplearningbook.org}},
	year={2016}
}

@misc{katanforoosh-kunin,
 	title={Initializing Neural Networks},
 	author={Katanforoosh , Kian and Kunin, Daniel},
 	publisher={deeplearning.ai},
 	year={2019},
 	note={\url{https://www.deeplearning.ai/ai-notes/initialization/}}
}

@misc{katanforoosh-kunin-opt,
	title={Parameter optimization in neural networks},
	author={Katanforoosh , Kian and Kunin, Daniel},
	publisher={deeplearning.ai},
	year={2019},
	note={\url{https://www.deeplearning.ai/ai-notes/optimization/}}
}

@misc{cs231n-2018-lecture7,
	title={Training Neural Networks},
	author={Fei-Fei Li & Justin Johnson & Serena Yeung},
	publisher={cs231n.stanford.edu},
	year={2018},
	note={\url{http://cs231n.stanford.edu/slides/2018/cs231n_2018_lecture07.pdf}}
}