@misc{soleymaniMLCourse,
  author       = {Soleymani Baghshah, Mahdieh},
  title        = {Machine Learning},
  howpublished = {Lecture slides},
  institution  = {Sharif University of Technology}
}

@misc{NgLecture6,
  author       = {Ng, Andrew},
  title        = {ML-005, Lecture 6},
  howpublished = {Lecture slides},
  institution  = {Stanford University}
}

@book{M2006-mk,
  title     = "Pattern Recognition and Machine Learning",
  author    = "Bishop, Christopher M.",
  publisher = "Springer",
  series    = "Information Science and Statistics",
  edition   =  1,
  month     =  aug,
  year      =  2006,
  address   = "New York, NY",
  language  = "en"
}

@misc{fidlerCSC411,
  author       = {Fidler, Sanja},
  title        = {CSC411},
  howpublished = {Lecture slides},
  institution  = {University of Toronto}
}

@book{Ng2023,
  title     = "CS229 Lecture Notes",
  author    = "Ng, Andrew and Ma, Tengyu",
  note      = "Updated June 11, 2023",
  url       = "https://cs229.stanford.edu/lectures-spring2022/main_notes.pdf"
}
