@misc{https://doi.org/10.48550/arxiv.1301.3781,
  doi = {10.48550/ARXIV.1301.3781},
  
  url = {https://arxiv.org/abs/1301.3781},
  
  author = {Mikolov, Tomas and Chen, Kai and Corrado, Greg and Dean, Jeffrey},
  
  keywords = {Computation and Language (cs.CL), FOS: Computer and information sciences, FOS: Computer and information sciences},
  
  title = {Efficient Estimation of Word Representations in Vector Space},
  
  publisher = {arXiv},
  
  year = {2013},
  
  copyright = {arXiv.org perpetual, non-exclusive license}
}

@misc{BPTT,
  title = {Deep Learning for Natural Language Processing Lecture 2: Word Vectors},
  howpublished = {\url{https://cs224d.stanford.edu/lectures/CS224d-Lecture2.pdf}},
  note = {Accessed: 2022-12-03}
}

@misc{Skip-Gram,
  title = {Demystifying Neural Network in Skip-Gram Language Modeling},
  howpublished = {\url{https://aegis4048.github.io/demystifying_neural_network_in_skip_gram_language_modeling}},
  note = {Accessed: 2022-12-03}
}