@misc{benign-vs-malignant,
  author       = {Technology Networks},
  title        = {Benign vs Malignant Tumors},
  howpublished = {\textit{Web article}},
  year         = {2023},
  note         = { \url{https://www.technologynetworks.com/cancer-research/articles/benign-vs-malignant-tumors-364765}}
}

@misc{breast-cancer-research,
  author       = {BioMed Central},
  title        = {Breast Cancer Research Article},
  howpublished = {\textit{Journal article}},
  institution  = {BioMed Central},
  year         = {2010},
  note         = { \url{https://breast-cancer-research.biomedcentral.com/articles/10.1186/bcr2607}}
}

@misc{gradient-optimization-image,
  author       = {Sebastian Raschka},
  title        = {Gradient Optimization Image},
  howpublished = {\textit{Image}},
  year         = {2020},
  note         = { \url{https://sebastianraschka.com/images/faq/gradient-optimization/ball.png}}
}

@misc{backprop-explainer,
  author       = {Xnought},
  title        = {Backpropagation Explainer},
  howpublished = {\textit{Website}},
  year         = {2022},
  note         = { \url{https://xnought.github.io/backprop-explainer/}}
}

@misc{deep-learning-backprop,
  author       = {Datamapu},
  title        = {Deep Learning Backpropagation},
  howpublished = {\textit{Web article}},
  year         = {2021},
  note         = { \url{https://datamapu.com/posts/deep_learning/backpropagation/}}
}

@misc{brad-quinton-elec502,
  author       = {Brad Quinton},
  title        = {ELEC502 Vectorized Backpropagation Slides},
  howpublished = {\textit{Lecture slides}},
  institution  = {University of British Columbia},
  year         = {2021},
  note         = { \url{https://people.ece.ubc.ca/bradq/ELEC502Slides/ELEC502-Part5VectorizedBackpropagation.pdf}}
}

@misc{xavier-he-weight-initialization,
  author       = {ResearchGate},
  title        = {Evolution of Loss Term for Xavier and He Weight Initialization},
  howpublished = {\textit{ResearchGate image}},
  year         = {2023},
  note         = { \url{https://www.researchgate.net/publication/363843256/figure/fig7/AS:11431281086185056@1664161711792/Evolution-of-loss-term-for-Xavier-weight-initialization-and-He-weight-initialization.png}}
}
@misc{caffe-users-group,
  author       = {Google Groups},
  title        = {Caffe Users Group Discussion},
  howpublished = {\textit{Online Discussion}},
  institution  = {Google Groups},
  year         = {2024},
  note         = {\url{https://groups.google.com/g/caffe-users/c/wvyP1B_VMwM?pli=1}}
}

@misc{neural-network-figure,
  author       = {ResearchGate Authors},
  title        = {Our Neural Network Settings: Weight Matrix \( W \) and Bias \( b \) Recalibrated in the Learning Process},
  howpublished = {\textit{Online figure}},
  year         = {2019},
  note         = {\url{https://www.researchgate.net/figure/Our-neural-network-settings-weight-matrix-W-and-bias-b-are-recalibrated-in-the-learning_fig1_335468765}}
}