@misc{notes,
	title={STAT 479: Machine Learning Lecture Notes},
	author={Sebastian Raschka},
	publisher={Department of Statistics, University of Wisconsin–Madison},
	year={2018},
	note={\url{http://stat.wisc.edu/∼sraschka/teaching/stat479-fs2018/}}
}

@misc{slides,
	title={STAT 451: Machine Learning},
	author={Sebastian Raschka},
	publisher={Department of Statistics, University of Wisconsin–Madison},
	year={2020},
	note={\url{http://stat.wisc.edu/~sraschka/teaching/stat451-fs2020/}}
}

@misc{awesome,
	title={Decision Tree and Ensemble learning},
	author={Hao, Qi},
	publisher={School of Astronomy and Space Science}}
}
